<?xml version="1.0" encoding="UTF-8"?><collection xmlns="http://www.loc.gov/MARC21/slim"><record><leader>00388nam--2200133-i-4500</leader><controlfield tag="001">000047270</controlfield><controlfield tag="002">20161230</controlfield><controlfield tag="005">20161230201046</controlfield><controlfield tag="008">060222s1000------------r-----000-0-eng-d</controlfield><datafield ind1=" " ind2=" " tag="080"><subfield code="a">547</subfield></datafield><datafield ind1=" " ind2=" " tag="100"><subfield code="a">Weissbach, Oskar</subfield></datafield><datafield ind1=" " ind2=" " tag="245"><subfield code="a">Beilstein-leitfaden. eine anleitung zur benutzung von beilsteins handbuch der organischen chimie</subfield></datafield><datafield ind1=" " ind2=" " tag="260"><subfield code="a">Berlin, Springer-verlag, 1975, 56p</subfield></datafield><datafield ind1=" " ind2=" " tag="852"><subfield code="a">43162</subfield></datafield></record></collection>